@article{de2018weighted,
	title={Weighted kappa loss function for multi-class classification of ordinal data in deep learning},
	author={de la Torre, Jordi and Puig, Domenec and Valls, Aida},
	journal={Pattern Recognition Letters},
	volume={105},
	pages={144--154},
	year={2018},
	publisher={Elsevier}
}


@online{python,
	title = {Python},	
	url = {https://www.python.org/}
}

@online{click,
	title = {Click},	
	url = {http://click.pocoo.org/5/}
}

@online{pillow,
	title = {Pillow},	
	url = {http://python-pillow.org/}
}

@online{numpy,
	title = {NumPy},	
	url = {http://www.numpy.org/}
}

@online{pandas,
	title = {Pandas},	
	url = {https://pandas.pydata.org/}
}

@online{sklearn,
	title = {Scikit-Learn},	
	url = {http://scikit-learn.org/stable/}
}

@online{scipy,
	title = {SciPy},	
	url = {https://www.scipy.org/}
}

@online{matplotlib,
	title = {Matplotlib},	
	url = {https://matplotlib.org/}
}

@article{cruz2014,
	author = {M. Cruz-Ramírez and C. Hervás-Martínez and J. Sánchez-Monedero and P.A. Gutiérrez},
	title = {Metrics to guide a multi-objective evolutionary algorithm for ordinal classification},
	date = {2014},
	journal = {Neurocomputing},
	doi = {10.1016/j.neucom.2013.05.058},
	url = {https://www.sciencedirect.com/science/article/pii/S0925231213011399?via%3Dihub},
	pages = {21--31}
}

@online{kaggledr2015,
	title = {Diabetic Retinopathy Detection Kaggle Competition},
	date = {2015},
	url = {https://www.kaggle.com/c/diabetic-retinopathy-detection},
	organization = {Kaggle},
	pubstate = {[En Línea. Última consulta: 26-01-2018]},
}

@online{defauw2015,
	title = {Detecting diabetic retinopathy in eye images},
	author = {J. de Fauw},
	url = {http://jeffreydf.github.io/diabetic-retinopathy-detection/},
	pubstate = {[En Línea. Última consulta: 26-01-2018]},
	date = {2015}
}

@online{antony2015,
	title = {Kaggle Diabetic Retinopathy Detection Team oO solution},
	author = {M. Antony and S. Brüggemann},
	url = {https://github.com/sveitser/kaggle_diabetic/blob/master/doc/report.pdf},
	pubstate = {[En Línea. Última consulta: 26-01-2018]},
	date = {2015}
}

@online{peng2016,
	title = {Deep Learning for Detection of Diabetic Eye Disease},
	author = {L. Peng and V. Gulshan},
	url = {https://research.googleblog.com/2016/11/deep-learning-for-detection-of-diabetic.html},
	pubstate = {[En Línea. Última consulta: 26-01-2018]},
	date = {2016}
}

@article{fukushima1980,
	author = {K. Fukushima},
	title = {Neocognitron: A Self-organizing Neural Network Model for a Mechanism of Pattern Recognition Unaffected by Shift in Position},
	url = {http://www.cs.princeton.edu/courses/archive/spr08/cos598B/Readings/Fukushima1980.pdf},
	journal = {Biological Cybernetics},
	date = {1980},
	pages = {193--202}	
}

@article{ciresan2011,
	author = {D.C. Ciresan and U. Meier and J. Masci and L.M. Gambardella and J. Schmidhuber},
	title = {Flexible, High Performance Convolutional Neural Networks for Image Classification},
	url = {http://people.idsia.ch/~juergen/ijcai2011.pdf},
	journal = {Proceedings of the Twenty-Second International Joint Conference on Artificial Intelligence},
	date = {2011},
	pages = {1237--1242}
}

@article{wilkinson20031677,
	title = "Proposed international clinical diabetic retinopathy and diabetic macular edema disease severity scales",
	journal = "Ophthalmology",
	volume = "110",
	number = "9",
	pages = "1677--1682",
	year = "2003",
	issn = "0161-6420",
	doi = "10.1016/S0161-6420(03)00475-5",
	url = "http://www.sciencedirect.com/science/article/pii/S0161642003004755",
	author = "C.P. Wilkinson and F.L. Ferris and R.E. Klein and P.P. Lee and C.D. Agardh and M. Davis and D. Dills and A. Kampik and R. Pararajasegaram and J.T. Verdaguer and Global Diabetic Retinopathy Project Group"
}

@online{eyepacs,
	title = {EyePACS},
	url = {http://www.eyepacs.com/}	
}

@article{baccianella2009,
	author = {S. Baccianella and A. Esuli and F. Sebastiani},
	title = {Evaluation measures for ordinal regression},
	date = {2009},
	pages = {283--287},
	url = {http://citeseerx.ist.psu.edu/viewdoc/download?doi=10.1.1.330.2063&rep=rep1&type=pdf},
	journal = {Ninth International Conference on Intelligent Systems Design and Applications},
	doi = {10.1109/ISDA.2009.230}
	
}

@article{krizhevsky2012imagenet,
  title={Imagenet classification with deep convolutional neural networks},
  author = {A. Krizhevsky and I. Sutskever and G. Hinton},
  journal={Advances in neural information processing systems},
  pages={1097--1105},
  year={2012},
  url = {http://papers.nips.cc/paper/4824-imagenet-classification-with-deep-convolutional-neural-networks.pdf}
}

@article{GUTIERREZ201451,
	title = "Ordinal regression neural networks based on concentric hyperspheres",
	journal = "Neural Networks",
	volume = "59",
	pages = "51 - 60",
	year = "2014",
	issn = "0893-6080",
	doi = "https://doi.org/10.1016/j.neunet.2014.07.001",
	url = "http://www.sciencedirect.com/science/article/pii/S0893608014001580",
	author = "P.A. Gutiérrez and P. Tiňo and C. Hervás-Martínez",
	keywords = "Ordinal regression, Ordinal classification, Neural networks, Latent variable"
}

@article{clevert2015fast,
	title={Fast and accurate deep network learning by exponential linear units (elus)},
	author={Clevert, Djork-Arn{\'e} and Unterthiner, Thomas and Hochreiter, Sepp},
	journal={arXiv preprint arXiv:1511.07289},
	year={2015}
}

@article{ioffe2015batch,
	title={Batch normalization: Accelerating deep network training by reducing internal covariate shift},
	author={Ioffe, Sergey and Szegedy, Christian},
	journal={arXiv preprint arXiv:1502.03167},
	year={2015}
}

@article{beckham2017unimodal,
	title={Unimodal probability distributions for deep ordinal classification},
	author={Beckham, Christopher and Pal, Christopher},
	journal={arXiv preprint arXiv:1705.05278},
	year={2017}
}

